<record><leader>00000cas a22000007a 4500</leader><controlfield tag="001">13168790</controlfield><controlfield tag="008">860219c19379999iduwr ne      0    0eng d</controlfield><datafield ind1=" " ind2=" " tag="010"><subfield code="a">sn 86091113 </subfield></datafield><datafield ind1=" " ind2=" " tag="040"><subfield code="a">UNP</subfield><subfield code="b">eng</subfield><subfield code="c">UNP</subfield><subfield code="d">DLC</subfield><subfield code="d">NVB</subfield><subfield code="d">DLC</subfield><subfield code="d">ONB</subfield><subfield code="d">OCLCO</subfield><subfield code="d">OCLCF</subfield></datafield><datafield ind1=" " ind2=" " tag="042"><subfield code="a">msc</subfield></datafield><datafield ind1=" " ind2="4" tag="050"><subfield code="a">AN2.I2</subfield><subfield code="b">N48</subfield></datafield><datafield ind1="0" ind2="4" tag="245"><subfield code="a">The News-examiner.</subfield></datafield><datafield ind1="1" ind2="0" tag="246"><subfield code="a">News examiner</subfield></datafield><datafield ind1=" " ind2=" " tag="260"><subfield code="a">Montpelier, Idaho :</subfield><subfield code="b">News Printing Co.,</subfield><subfield code="c">1937-</subfield></datafield><datafield ind1=" " ind2=" " tag="300"><subfield code="a">v. :</subfield><subfield code="b">ill. ;</subfield><subfield code="c">57 cm.</subfield></datafield><datafield ind1=" " ind2=" " tag="310"><subfield code="a">Weekly</subfield></datafield><datafield ind1="0" ind2=" " tag="362"><subfield code="a">Vol. 18, no. 35 (Sept. 16, 1937)-v. 18, no. 36 (Sept. 23, 1937) ;  v. 1, no. 3 (Sept. 30, 1937)-</subfield></datafield><datafield ind1=" " ind2=" " tag="515"><subfield code="a">Carries also numbering of: Montpelier examiner, v. 42, no. 38-</subfield></datafield><datafield ind1=" " ind2=" " tag="515"><subfield code="a">Voluming &amp; numbering is irregular.</subfield></datafield><datafield ind1=" " ind2=" " tag="580"><subfield code="a">Absorbed: Paris post (Paris, Idaho : 1941), July 31, 1969.</subfield></datafield><datafield ind1=" " ind2="0" tag="651"><subfield code="a">Montpelier (Idaho)</subfield><subfield code="x">Newspapers.</subfield></datafield><datafield ind1=" " ind2="7" tag="655"><subfield code="a">Newspapers.</subfield><subfield code="2">fast</subfield><subfield code="0">(OCoLC)fst01423814</subfield></datafield><datafield ind1=" " ind2="7" tag="651"><subfield code="a">Idaho</subfield><subfield code="z">Montpelier.</subfield><subfield code="2">fast</subfield><subfield code="0">(OCoLC)fst01226300</subfield></datafield><datafield ind1=" " ind2=" " tag="752"><subfield code="a">United States</subfield><subfield code="b">Idaho</subfield><subfield code="c">Bear Lake</subfield><subfield code="d">Montpelier.</subfield></datafield><datafield ind1="0" ind2="4" tag="780"><subfield code="t">Montpelier examiner</subfield><subfield code="w">(DLC)sn 86091111</subfield><subfield code="w">(OCoLC)13168640</subfield></datafield><datafield ind1="0" ind2="4" tag="780"><subfield code="t">Bear Lake County news</subfield><subfield code="w">(DLC)sn 86091112</subfield><subfield code="w">(OCoLC)13168722</subfield></datafield><datafield ind1="1" ind2="5" tag="780"><subfield code="t">Paris post, (Paris, Idaho : 1941)</subfield><subfield code="w">(DLC)sn 85058187</subfield></datafield></record>